<collection xmlns="http://www.loc.gov/MARC21/slim">
<record>
  <leader>01236nam0a2200253 i 450 </leader>
  <controlfield tag="001">IT\ICCU\CNCE\011369</controlfield>
  <controlfield tag="005">20021001000000.0</controlfield>
  <datafield tag="012" ind1=" " ind2=" ">
    <subfield code="a">I.i. nosa o.ra seab (3) 1569 (R)</subfield>
    <subfield code="2">fei</subfield>
  </datafield>
  <datafield tag="100" ind1=" " ind2=" ">
    <subfield code="a">19970101d1569        0itac0103    ba</subfield>
  </datafield>
  <datafield tag="101" ind1=" " ind2=" ">
    <subfield code="a">ITA</subfield>
  </datafield>
  <datafield tag="102" ind1=" " ind2=" ">
    <subfield code="a">IT</subfield>
  </datafield>
  <datafield tag="200" ind1="1" ind2=" ">
    <subfield code="a">Epistole, euangeli, et lettioni, che si dicono in tutto l&apos;anno nella messa.Tradotte in lingua toscana, per beneficio di chi volentieri ascolta la parola di Dio. Con la tauola necessaria ...</subfield>
  </datafield>
  <datafield tag="210" ind1=" " ind2=" ">
    <subfield code="a">In Venetia</subfield>
    <subfield code="c">appresso Giouanni Criegher</subfield>
    <subfield code="d">1569</subfield>
  </datafield>
  <datafield tag="215" ind1=" " ind2=" ">
    <subfield code="a">263, \1! p.</subfield>
    <subfield code="c">ill.</subfield>
    <subfield code="d">4ʻ</subfield>
  </datafield>
  <datafield tag="500" ind1="1" ind2="0">
    <subfield code="3">IT\ICCU\CNCE\045507</subfield>
    <subfield code="a">Lectionarium missae</subfield>
  </datafield>
  <datafield tag="620" ind1=" " ind2=" ">
    <subfield code="a">IT</subfield>
    <subfield code="d">Venezia</subfield>
  </datafield>
  <datafield tag="710" ind1="0" ind2="2">
    <subfield code="a">Chiesa cattolica</subfield>
    <subfield code="3">6731</subfield>
  </datafield>
  <datafield tag="712" ind1="0" ind2="0">
    <subfield code="a">Criegher, Johann</subfield>
    <subfield code="3">IT\ICCU\CNCT\000693</subfield>
    <subfield code="4">650</subfield>
  </datafield>
  <datafield tag="791" ind1="0" ind2="0">
    <subfield code="a">Chrigero, Giovanni</subfield>
    <subfield code="3">IT\ICCU\CNCT\003698</subfield>
    <subfield code="z">Criegher, Johann</subfield>
  </datafield>
  <datafield tag="791" ind1="0" ind2="0">
    <subfield code="a">Criegher, Ioannes</subfield>
    <subfield code="3">IT\ICCU\CNCT\004686</subfield>
    <subfield code="z">Criegher, Johann</subfield>
  </datafield>
  <datafield tag="801" ind1=" " ind2="3">
    <subfield code="a">IT</subfield>
    <subfield code="b">ICCU</subfield>
    <subfield code="c">20201113</subfield>
  </datafield>
  <datafield tag="899" ind1=" " ind2=" ">
    <subfield code="a">Biblioteca nazionale centrale. Roma</subfield>
    <subfield code="1">RM0267</subfield>
    <subfield code="2">BVE CR</subfield>
  </datafield>
  <datafield tag="911" ind1=" " ind2=" ">
    <subfield code="a">nel front.</subfield>
    <subfield code="9">IT\ICCU\CNCM\000537</subfield>
  </datafield>
  <datafield tag="921" ind1=" " ind2=" ">
    <subfield code="a">IT\ICCU\CNCM\000537</subfield>
    <subfield code="b">Leone col freno in bocca tenuto da una mano che esce dalle nuvole. Nella cornice del frontespizio</subfield>
    <subfield code="e">Dies et ingenium.</subfield>
    <subfield code="c">V325</subfield>
    <subfield code="c">Z799</subfield>
    <subfield code="f">DIESETINGE</subfield>
    <subfield code="f">FRENO</subfield>
    <subfield code="f">LEONE</subfield>
    <subfield code="f">MANO</subfield>
    <subfield code="f">NUVOLE</subfield>
    <subfield code="g">1568-1572</subfield>
  </datafield>
</record>
</collection>
